<record><leader>00000cas a2200000 a 4500</leader><controlfield tag="001">11135039</controlfield><controlfield tag="008">840910c18839999ksuwr ne      0   a0eng d</controlfield><datafield ind1=" " ind2=" " tag="010"><subfield code="a">sn 84029670 </subfield></datafield><datafield ind1=" " ind2=" " tag="040"><subfield code="a">KSH</subfield><subfield code="b">eng</subfield><subfield code="c">KSH</subfield><subfield code="d">NPT</subfield><subfield code="d">OCL</subfield><subfield code="d">OCLCQ</subfield><subfield code="d">DLC</subfield><subfield code="d">OCLCF</subfield></datafield><datafield ind1=" " ind2=" " tag="042"><subfield code="a">msc</subfield></datafield><datafield ind1=" " ind2=" " tag="043"><subfield code="a">n-us-ks</subfield></datafield><datafield ind1="0" ind2="4" tag="245"><subfield code="a">The Kinsley mercury.</subfield></datafield><datafield ind1="3" ind2="0" tag="246"><subfield code="a">Weekly Kinsley mercury</subfield></datafield><datafield ind1="3" ind2="0" tag="246"><subfield code="a">Kinsley weekly mercury</subfield></datafield><datafield ind1="3" ind2="0" tag="246"><subfield code="a">Mercury</subfield></datafield><datafield ind1=" " ind2=" " tag="260"><subfield code="a">Kinsley, Kan. :</subfield><subfield code="b">George M. Flick,</subfield><subfield code="c">1883-</subfield></datafield><datafield ind1=" " ind2=" " tag="300"><subfield code="a">v. :</subfield><subfield code="b">ill. ;</subfield><subfield code="c">52-70 cm.</subfield></datafield><datafield ind1=" " ind2=" " tag="310"><subfield code="a">Weekly</subfield></datafield><datafield ind1="0" ind2=" " tag="362"><subfield code="a">Vol. 1, no. 1 (Aug. 4, 1883)-</subfield></datafield><datafield ind1=" " ind2=" " tag="500"><subfield code="a">Sometimes published as: Weekly Kinsley mercury; published as: Kinsley weekly mercury, July 23, 1887-Nov. 29, 1888; as: Mercury, Sept. 5-Nov. 7, 1889.</subfield></datafield><datafield ind1=" " ind2=" " tag="500"><subfield code="a">Publisher varies.</subfield></datafield><datafield ind1=" " ind2=" " tag="500"><subfield code="a">"Republican."</subfield></datafield><datafield ind1=" " ind2=" " tag="525"><subfield code="a">Has occasional supplements.</subfield></datafield><datafield ind1=" " ind2="0" tag="651"><subfield code="a">Kinsley (Kan.)</subfield><subfield code="v">Newspapers.</subfield></datafield><datafield ind1=" " ind2="7" tag="655"><subfield code="a">Newspapers.</subfield><subfield code="2">fast</subfield><subfield code="0">(OCoLC)fst01423814</subfield></datafield><datafield ind1=" " ind2="7" tag="651"><subfield code="a">Kansas</subfield><subfield code="z">Kinsley.</subfield><subfield code="2">fast</subfield><subfield code="0">(OCoLC)fst01223613</subfield></datafield><datafield ind1=" " ind2=" " tag="752"><subfield code="a">United States</subfield><subfield code="b">Kansas</subfield><subfield code="c">Edwards</subfield><subfield code="d">Kinsley.</subfield></datafield><datafield ind1="0" ind2="5" tag="780"><subfield code="t">Lewis press</subfield><subfield code="g">Nov. 1, 1917</subfield><subfield code="w">(DLC)sn 84029672</subfield></datafield><datafield ind1="0" ind2="5" tag="780"><subfield code="t">Kinsley graphic (Kinsley, Kan. : 1890)</subfield><subfield code="g">July 11, 1940</subfield><subfield code="x">2329-2385</subfield><subfield code="w">(DLC)sn 84029671</subfield><subfield code="w">(OCoLC)11135068</subfield></datafield></record>